@article{paper1,
  Author = {Milovanovi{\'c}, Slobodan and von Sydow, Lina},
  Journal = {Computers \& Mathematics with Applications},
  Number = {4},
  Pages = {1462--1481},
  Publisher = {Elsevier},
  Title = {Radial Basis Function generated Finite Differences for Option Pricing Problems},
  Volume = {75},
  Year = {2018}
}

@article{paper2,
  	Author = {von Sydow, Lina and Josef H{\"o}{\"o}k, Lars and Larsson, Elisabeth and Lindstr{\"o}m, Erik and Milovanovi{\'c}, Slobodan and Persson, Jonas and Shcherbakov, Victor and Shpolyanskiy, Yuri and Sir{\'e}n, Samuel and Toivanen, Jari and others},
  	Date-Modified = {2018-07-23 15:09:30 +0000},
  	Journal = {International Journal of Computer Mathematics},
  	Number = {12},
  	Pages = {2361--2379},
  	Publisher = {Taylor \& Francis},
  	Title = {{BENCHOP} --- The {BENCH}marking project in option pricing},
  	Volume = {92},
  	Year = {2015}
}

@article{paper3,
  title={Pricing derivatives under multiple stochastic factors by localized radial basis function methods},
  author={Milovanovi{\'c}, Slobodan and Shcherbakov, Victor},
  journal={arXiv preprint arXiv:1711.09852},
  year={2017}
}

@unpublished{paper4,
	Author = {von Sydow, Lina and Milovanovi{\'c}, Slobodan and Larsson, Elisabeth and in 't Hout, Karel and Wiktorsson, Magnus and Oosterlee, Cornelis W. and Shcherbakov, Victor and Wyns, Maarten and Leitao, Alvaro and Jain, Shashi and Haentjens, Tinne and Wald{\'e}n, Johan},
	Date-Added = {2018-07-23 14:48:01 +0000},
	Date-Modified = {2018-07-23 15:18:22 +0000},
	Month = {July},
	Note = {Submited to \emph{International Journal of Computer Mathematics}},
	Title = {{BENCHOP}--{SLV}: The {BENCH}marking project in Option Pricing --- Stochastic and Local Volatility problems},
	Year = {2018}
}

@unpublished{paper5,
	Author = {Milovanovi{\'c}, Slobodan and von Sydow, Lina},
	Date-Added = {2018-07-23 14:48:01 +0000},
	Date-Modified = {2018-07-23 15:18:22 +0000},
	Month = {July},
	Note = {Submited to \emph{ArXiv}},
	Title = {Paper 5},
	Year = {2018}
}

@unpublished{paper6,
	Author = {Milovanovi{\'c}, Slobodan and von Sydow, Lina},
	Date-Added = {2018-07-23 14:48:01 +0000},
	Date-Modified = {2018-07-23 15:18:22 +0000},
	Month = {July},
	Note = {Submited to \emph{ArXiv}},
	Title = {Paper 6},
	Year = {2018}
}

@unpublished{paper7,
	Author = {Milovanovi{\'c}, Slobodan and von Sydow, Lina},
	Date-Added = {2018-07-23 14:48:01 +0000},
	Date-Modified = {2018-07-23 15:18:22 +0000},
	Month = {July},
	Note = {Submited to \emph{ArXiv}},
	Title = {Paper 7},
	Year = {2018}
}

%%%%%%%%%%%%%%%%%%%%%%%%%%%%%%%%%%%%%%%%%%%%%%%%%%%%%%%%%%%%%%%%%%%%%%%%%%%%%%%%%%%%%%%%%%%%%%%%%%%%%%%%%%%%%%%%%%%%%%%%%%%%%%%%%%%%%

@book{hull2017options,
  title={Options, Futures and Other Derivatives},
  author={Hull, John C.},
  isbn={9780134631493},
  year={2017},
  publisher={Pearson Education}
}

@book{duffie1989futures,
  title={Futures Markets},
  author={Duffie, D.},
  isbn={9780133456202},
  year={1989},
  publisher={Prentice-Hall},
}

@book{bjork2009arbitrage,
  title={Arbitrage Theory in Continuous Time},
  author={Bj{\"o}rk, T.},
  isbn={9780199574742},
  year={2009},
  publisher={Oxford University Press}
}

@book{glasserman2013monte,
  title={Monte Carlo Methods in Financial Engineering},
	author = {Glasserman, Paul},
  isbn={9780387216171},
  year={2013},
  publisher={Springer New York}
}

@book{tavella2000pricing,
  title={Pricing Financial Instruments: The Finite Difference Method},
  author={Tavella, D. and Randall, C.},
  isbn={9780471197607},
  year={2000},
  publisher={John Wiley \& Sons}
}


%%%%%%%%%%%%%%%%%%%%%%%%%%%%%%%%%%%%%%%%%%%%%%%%%%%%%%%%%%%%%%%%%%%%%%%%%%%%%%%%%%%%%%%%%%%%%%%%%%%%%%%%%%%%%%%%%%%%%%%%%%%%%%%%%%%%%

@book{bank2018annual,
  author={{Bank for International Settlements}},
  title={Derivatives Statistics},
  year={2018},
  publisher={\underline{https://www.bis.org/statistics}}
}

@book{worldgdp2018annual,
  author={{World Bank}},
  title={World Development Indicators Database},
  year={2018},
  publisher={\underline{http://databank.worldbank.org/data/download/GDP.pdf}}
}

%%%%%%%%%%%%%%%%%%%%%%%%%%%%%%%%%%%%%%%%%%%%%%%%%%%%%%%%%%%%%%%%%%%%%%%%%%%%%%%%%%%%%%%%%%%%%%%%%%%%%%%%%%%%%%%%%%%%%%%%%%%%%%%%%%%%%

@article{black73,
	Author = {Black, F. and Scholes, M.},
	Journal = {Journal of Political Economy},
	Pages = {637--654},
	Title = {The Pricing of Options and Corporate Liabilities},
	Volume = {81},
	Year = {1973}
}

@article{merton73,
	Author = {Merton, R. C.},
	Journal = {The Bell Journal of Economics and Management Science},
	Pages = {141--183},
	Title = {Theory of rational option pricing},
	Volume = {4},
	Year = {1973}
}

@article{heston1993closed,
	Author = {Heston, Steven L},
	Journal = {The review of financial studies},
	Number = {2},
	Pages = {327--343},
	Publisher = {Oxford University Press},
	Title = {A closed-form solution for options with stochastic volatility with applications to bond and currency options},
	Volume = {6},
	Year = {1993}
}

@article{dupire1994pricing,
	Author = {Dupire, Bruno and others},
	Journal = {Risk},
	Number = {1},
	Pages = {18--20},
	Title = {Pricing with a smile},
	Volume = {7},
	Year = {1994}
}

@article{hull1990pricing,
	Author = {John Hull and Alan White},
	Journal = {Rev. Financial Stud.},
	Pages = {573--592},
	Title = {Pricing interest-rate derivative securities},
	Volume = {3},
	Year = {1990}
}

@article{longstaff2001valuing,
  title={Valuing {A}merican options by simulation: a simple least-squares approach},
  author={Longstaff, Francis A. and Schwartz, Eduardo S.},
  journal={The review of financial studies},
  volume={14},
  number={1},
  pages={113--147},
  year={2001},
  publisher={Oxford University Press}
}

@article{rendleman1979two,
  title={Two-state option pricing},
  author={Rendleman Jr., Richard J. and Bartter, Brit J.},
  journal={The Journal of Finance},
  volume={34},
  number={5},
  pages={1093--1110},
  year={1979},
  publisher={Wiley Online Library}
}

@article{cox1979option,
  title={Option pricing: A simplified approach},
  author={Cox, John C and Ross, Stephen A and Rubinstein, Mark and others},
  journal={Journal of financial Economics},
  volume={7},
  number={3},
  pages={229--263},
  year={1979},
  publisher={Amsterdam}
}

@article{hsia1983binomial,
  title={On binomial option pricing},
  author={Hsia, Chi-Cheng},
  journal={Journal of Financial Research},
  volume={6},
  number={1},
  pages={41--46},
  year={1983},
  publisher={Wiley Online Library}
}

@article{fang2008novel,
  title={A novel pricing method for {E}uropean options based on {F}ourier-cosine series expansions},
  author={Fang, Fang and Oosterlee, Cornelis W.},
  journal={SIAM Journal on Scientific Computing},
  volume={31},
  number={2},
  pages={826--848},
  year={2008},
  publisher={SIAM}
}

@article{carr1999option,
  title={Option valuation using the fast {F}ourier transform},
  author={Carr, Peter and Madan, Dilip},
  journal={Journal of computational finance},
  volume={2},
  number={4},
  pages={61--73},
  year={1999}
}

@article{hon1999radial,
  title={A radial basis function method for solving options pricing model},
  author={Hon, Yiu-Chung and Mao, Xian-Zhong},
  journal={Financial Engineering},
  volume={8},
  number={1},
  pages={31--49},
  year={1999},
  publisher={Citeseer}
}

@article{foulon2010adi,
  title={{ADI} finite difference schemes for option pricing in the Heston model with correlation},
  author={In 'T Hout, K. J. and Foulon, S.},
  journal={International Journal of Numerical Analysis and Modeling},
  volume={7},
  number={2},
  pages={303--320},
  year={2010}
}

@article{kansa1990multiquadrics2,
  title = {Multiquadrics --- {A} scattered data approximation scheme with applications to computational fluid-dynamics --- {II} solutions to parabolic, hyperbolic and elliptic partial differential equations},
  author = {Kansa, Edward J.},
	journal = {Computers \& mathematics with applications},
  volume = {19},
  number = {8-9},
	pages = {147--161},
	publisher = {Elsevier},
	year = {1990}
}

@article{kansa1990multiquadrics1,
  title = {Multiquadrics --- {A} scattered data approximation scheme with applications to computational fluid-dynamics --- {I} surface approximations and partial derivative estimates},
  author = {Kansa, Edward J.},
	journal = {Computers \& Mathematics with applications},
	number = {8-9},
	pages = {127--145},
	publisher = {Elsevier},
	volume = {19},
	year = {1990}
}

@article{fasshauer2004using,
  title = {Using meshfree approximation for multi-asset American options},
  author = {Fasshauer, Gregory Eric and Khaliq, Abdul Qayyum Masud and Voss, David Albert},
	journal = {Journal of the Chinese Institute of Engineers},
	number = {4},
	pages = {563--571},
	publisher = {Taylor \& Francis},
	volume = {27},
	year = {2004}
}

@article{pettersson2008improved,
  title = {Improved radial basis function methods for multi-dimensional option pricing},
	author = {Pettersson, Ulrika and Larsson, Elisabeth and Marcusson, Gunnar and Persson, Jonas},
	journal = {Journal of Computational and Applied Mathematics},
	number = {1},
	pages = {82--93},
	publisher = {Elsevier},
	volume = {222},
	year = {2008}
}

@article{wright2006scattered,
	Author = {Wright, Grady B. and Fornberg, Bengt},
	Journal = {Journal of Computational Physics},
	Number = {1},
	Pages = {99--123},
	Publisher = {Elsevier},
	Title = {Scattered node compact finite difference-type formulas generated from radial basis functions},
	Volume = {212},
	Year = {2006}
}

@article{davydov2011adaptive,
	Author = {Davydov, Oleg and Oanh, Dang Thi},
	Journal = {Journal of Computational Physics},
	Number = {2},
	Pages = {287--304},
	Publisher = {Elsevier},
	Title = {Adaptive meshless centres and {R}{B}{F} stencils for {P}oisson equation},
	Volume = {230},
	Year = {2011}
}

@article{fornberg2011stabilization,
	Author = {Fornberg, Bengt and Lehto, Erik},
	Journal = {Journal of Computational Physics},
	Number = {6},
	Pages = {2270--2285},
	Publisher = {Elsevier},
	Title = {Stabilization of {RBF}-generated finite difference methods for convective {P}{D}{E}s},
	Volume = {230},
	Year = {2011}
}

@article{flyer2012guide,
	Author = {Flyer, Natasha and Lehto, Erik and Blaise, S{\'e}bastien and Wright, Grady B and St-Cyr, Amik},
	Journal = {Journal of Computational Physics},
	Number = {11},
	Pages = {4078--4095},
	Publisher = {Elsevier},
	Title = {A guide to {R}{B}{F}-generated finite differences for nonlinear transport: Shallow water simulations on a sphere},
	Volume = {231},
	Year = {2012}
}

@article{larsson2013stable,
	Author = {Larsson, Elisabeth and Lehto, Erik and Heryudono, Alfa and Fornberg, Bengt},
	Journal = {SIAM Journal on Scientific Computing},
	Number = {4},
	Pages = {A2096-A2119},
	Title = {Stable Computation of Differentiation Matrices and Scattered Node Stencils Based on {G}aussian Radial Basis Functions},
	Volume = {35},
	Year = {2013},
}

@article{fornberg2013stable,
	Author = {Fornberg, Bengt and Lehto, Erik and Powell, Collin},
	Journal = {Comput. Math. Appl.},
	Number = {4},
	Pages = {627--637},
	Publisher = {Pergamon Press, Inc.},
	Title = {Stable Calculation of {G}aussian-based {RBF}--{FD} Stencils},
	Volume = {65},
	Year = {2013},
}

@article{flyer2016enhancing,
	Author = {Flyer, Natasha and Barnett, Gregory A and Wicker, Louis J},
	Journal = {Journal of Computational Physics},
	Pages = {39--62},
	Publisher = {Elsevier},
	Title = {Enhancing finite differences with radial basis functions: experiments on the {N}avier--{S}tokes equations},
	Volume = {316},
	Year = {2016}
}

@article{bayona2017role,
	Author = {Bayona, Victor and Flyer, Natasha and Fornberg, Bengt and Barnett, Gregory A.},
	Journal = {Journal of Computational Physics},
	Pages = {257--273},
	Publisher = {Elsevier},
	Title = {On the role of polynomials in {RBF}--{FD} approximations: {II}. {N}umerical solution of elliptic {P}{D}{E}s},
	Volume = {332},
	Year = {2017}
}

@article{flyer2016on,
	Author = {Flyer, Natasha and Fornberg, Bengt and Bayona, Victor and Barnett, Gregory A},
	Journal = {Journal of Computational Physics},
	Pages = {21--38},
	Publisher = {Elsevier},
	Title = {On the role of polynomials in {RBF}--{FD} approximations: {I}. {I}nterpolation and accuracy},
	Volume = {321},
	Year = {2016}
}

%%%%%%%%%%%%%%%%%%%%%%%%%%%%%%%%%%%%%%%%%%%%%%%%%%%%%%%%%%%%%%%%%%%%%%%%%%%%%%
@inproceedings{tolstykh2000using,
	Author = {Tolstykh, Andrei I.},
	Booktitle = {Proceedings of the 16th IMACS World Congress on Scientific Computation, Applied Mathematics and Simulation, Lausanne, Switzerland},
	Pages = {6},
	Title = {On using {R}{B}{F}-based differencing formulas for unstructured and mixed structured--unstructured grid calculations},
	Year = {2000}
}

@inproceedings{wendland2002fast,
	Author = {Wendland, Holger},
	Booktitle = {Approximation Theory X: Wavelets, Splines, and Applications},
	Organization = {Citeseer},
	Title = {Fast evaluation of radial basis functions: Methods based on partition of unity},
	Year = {2002}
}
